<record><leader>00000cas a22000007a 4500</leader><controlfield tag="001">16959263</controlfield><controlfield tag="008">871110d18891961ohuwr ne      0    0eng d</controlfield><datafield ind1=" " ind2=" " tag="010"><subfield code="a">sn 87076841 </subfield></datafield><datafield ind1=" " ind2=" " tag="040"><subfield code="a">ONP</subfield><subfield code="b">eng</subfield><subfield code="c">ONP</subfield><subfield code="d">OCLCQ</subfield></datafield><datafield ind1=" " ind2=" " tag="042"><subfield code="a">msc</subfield></datafield><datafield ind1="0" ind2="0" tag="245"><subfield code="a">Pemberville leader.</subfield></datafield><datafield ind1=" " ind2=" " tag="260"><subfield code="a">Pemberville, Ohio :</subfield><subfield code="b">Geo. H. Speck &amp; Son,</subfield><subfield code="c">-1961.</subfield></datafield><datafield ind1=" " ind2=" " tag="310"><subfield code="a">Weekly</subfield></datafield><datafield ind1="0" ind2=" " tag="362"><subfield code="a">Vol. 4, no. 28 (May 3, 1889) -v. 76, no. 25 (Mar. 16, 1961).</subfield></datafield><datafield ind1=" " ind2=" " tag="588"><subfield code="a">Description based on: Vol. 16, no. 13 (Jan. 11, 1901).</subfield></datafield><datafield ind1=" " ind2=" " tag="752"><subfield code="a">United States</subfield><subfield code="b">Ohio</subfield><subfield code="c">Wood</subfield><subfield code="d">Pemberville.</subfield></datafield><datafield ind1="0" ind2="0" tag="780"><subfield code="t">Wood County index</subfield><subfield code="w">(DLC)sn 89075168</subfield></datafield><datafield ind1="0" ind2="0" tag="785"><subfield code="t">Leader (Pemberville, Ohio)</subfield><subfield code="w">(DLC)sn 87076842</subfield></datafield></record>